<mx:record xmlns="http://www.w3.org/TR/xhtml1/strict" xmlns:mx="http://www.loc.gov/MARC21/slim" xmlns:xsi="http://www.w3.org/2001/XMLSchema-instance"><mx:leader>00000cz   2200000n  4500</mx:leader><mx:controlfield tag="001">oca01869023 </mx:controlfield><mx:controlfield tag="005">20000615064507.0</mx:controlfield><mx:controlfield tag="008">870604n| acannaabn          |a aaa     c</mx:controlfield><mx:datafield ind1=" " ind2=" " tag="010"><mx:subfield code="a">n  85356124 </mx:subfield></mx:datafield><mx:datafield ind1=" " ind2=" " tag="040"><mx:subfield code="a">InU</mx:subfield><mx:subfield code="b">eng</mx:subfield><mx:subfield code="c">DLC</mx:subfield><mx:subfield code="d">DLC</mx:subfield><mx:subfield code="d">OCoLC</mx:subfield></mx:datafield><mx:datafield ind1="0" ind2=" " tag="100"><mx:subfield code="a">Johannes,</mx:subfield><mx:subfield code="c">de Hauvilla,</mx:subfield><mx:subfield code="d">12th cent.</mx:subfield></mx:datafield><mx:datafield ind1="0" ind2=" " tag="400"><mx:subfield code="a">Johannes de Hauvilla</mx:subfield><mx:subfield code="w">nnaa</mx:subfield></mx:datafield><mx:datafield ind1="1" ind2=" " tag="400"><mx:subfield code="a">Hauvilla, Johannes de,</mx:subfield><mx:subfield code="d">12th cent.</mx:subfield></mx:datafield><mx:datafield ind1="1" ind2=" " tag="400"><mx:subfield code="a">Nantvillensis, Johannes,</mx:subfield><mx:subfield code="d">12th cent.</mx:subfield></mx:datafield><mx:datafield ind1="1" ind2=" " tag="400"><mx:subfield code="a">Hantvillensis, Johannes,</mx:subfield><mx:subfield code="d">12th cent.</mx:subfield></mx:datafield><mx:datafield ind1="1" ind2=" " tag="400"><mx:subfield code="a">Annaevillanus, Johannes,</mx:subfield><mx:subfield code="d">12th cent.</mx:subfield></mx:datafield><mx:datafield ind1="1" ind2=" " tag="400"><mx:subfield code="a">Hanvuil, John,</mx:subfield><mx:subfield code="d">12th cent.</mx:subfield></mx:datafield><mx:datafield ind1="1" ind2=" " tag="400"><mx:subfield code="a">Hanvuillensis, Johannes,</mx:subfield><mx:subfield code="d">12th cent.</mx:subfield></mx:datafield><mx:datafield ind1="1" ind2=" " tag="400"><mx:subfield code="a">Hawyll, John,</mx:subfield><mx:subfield code="d">12th cent.</mx:subfield></mx:datafield><mx:datafield ind1="1" ind2=" " tag="400"><mx:subfield code="a">Hauillensis, Johannes,</mx:subfield><mx:subfield code="d">12th cent.</mx:subfield></mx:datafield><mx:datafield ind1="1" ind2=" " tag="400"><mx:subfield code="a">Hautivillensis, Johannes,</mx:subfield><mx:subfield code="d">12th cent.</mx:subfield></mx:datafield><mx:datafield ind1="1" ind2=" " tag="400"><mx:subfield code="a">Hanvile, John,</mx:subfield><mx:subfield code="d">12th cent.</mx:subfield></mx:datafield><mx:datafield ind1="1" ind2=" " tag="400"><mx:subfield code="a">Hautwille, Jean de,</mx:subfield><mx:subfield code="d">12th cent</mx:subfield></mx:datafield><mx:datafield ind1="1" ind2=" " tag="400"><mx:subfield code="a">Hautville, Jean de,</mx:subfield><mx:subfield code="d">12th cent.</mx:subfield></mx:datafield><mx:datafield ind1="1" ind2=" " tag="400"><mx:subfield code="a">Hanvill, John,</mx:subfield><mx:subfield code="d">12th cent.</mx:subfield></mx:datafield><mx:datafield ind1="1" ind2=" " tag="400"><mx:subfield code="a">Altavilla, Johannes de,</mx:subfield><mx:subfield code="d">12th cent.</mx:subfield></mx:datafield><mx:datafield ind1="1" ind2=" " tag="400"><mx:subfield code="a">Alta Villa, Johannes de,</mx:subfield><mx:subfield code="d">12th cent.</mx:subfield></mx:datafield><mx:datafield ind1="1" ind2=" " tag="400"><mx:subfield code="a">Annaevilla, Johannes de,</mx:subfield><mx:subfield code="d">12th cent.</mx:subfield></mx:datafield><mx:datafield ind1="1" ind2=" " tag="400"><mx:subfield code="a">Hawila, Johannes de,</mx:subfield><mx:subfield code="d">12th cent.</mx:subfield></mx:datafield><mx:datafield ind1="0" ind2=" " tag="400"><mx:subfield code="a">John,</mx:subfield><mx:subfield code="c">of Auville,</mx:subfield><mx:subfield code="d">12th cent.</mx:subfield></mx:datafield><mx:datafield ind1="1" ind2=" " tag="400"><mx:subfield code="a">Alvilla, Johannes de,</mx:subfield><mx:subfield code="d">12th cent.</mx:subfield></mx:datafield><mx:datafield ind1="1" ind2=" " tag="400"><mx:subfield code="a">Havvilla, Johannes de,</mx:subfield><mx:subfield code="d">12th cent.</mx:subfield></mx:datafield><mx:datafield ind1="1" ind2=" " tag="400"><mx:subfield code="a">Hauville, Jean de,</mx:subfield><mx:subfield code="d">12th cent.</mx:subfield></mx:datafield><mx:datafield ind1="1" ind2=" " tag="400"><mx:subfield code="a">Hauteville, Jean de,</mx:subfield><mx:subfield code="d">12th cent.</mx:subfield></mx:datafield><mx:datafield ind1="1" ind2=" " tag="400"><mx:subfield code="a">Hauvill, Johannes de,</mx:subfield><mx:subfield code="d">12th cent.</mx:subfield></mx:datafield><mx:datafield ind1="1" ind2=" " tag="400"><mx:subfield code="a">Auvilla, Johannes de,</mx:subfield><mx:subfield code="d">12th cent.</mx:subfield></mx:datafield><mx:datafield ind1="1" ind2=" " tag="400"><mx:subfield code="a">Hauvila, Johannes de,</mx:subfield><mx:subfield code="d">12th cent.</mx:subfield></mx:datafield><mx:datafield ind1="1" ind2=" " tag="400"><mx:subfield code="a">Hauvillensis, Johannes,</mx:subfield><mx:subfield code="d">12th cent.</mx:subfield></mx:datafield><mx:datafield ind1="1" ind2=" " tag="400"><mx:subfield code="a">Hauteville, John de,</mx:subfield><mx:subfield code="d">12th cent.</mx:subfield></mx:datafield><mx:datafield ind1="0" ind2=" " tag="400"><mx:subfield code="a">John,</mx:subfield><mx:subfield code="c">de Hauteville,</mx:subfield><mx:subfield code="d">12th cent.</mx:subfield></mx:datafield><mx:datafield ind1="0" ind2=" " tag="400"><mx:subfield code="a">Joannes,</mx:subfield><mx:subfield code="c">de Altavilla,</mx:subfield><mx:subfield code="d">12th cent.</mx:subfield></mx:datafield><mx:datafield ind1="0" ind2=" " tag="400"><mx:subfield code="a">Jean,</mx:subfield><mx:subfield code="c">de Hanville,</mx:subfield><mx:subfield code="d">12th cent.</mx:subfield></mx:datafield><mx:datafield ind1="0" ind2=" " tag="400"><mx:subfield code="a">Jean,</mx:subfield><mx:subfield code="c">de Hauteville,</mx:subfield><mx:subfield code="d">12th cent.</mx:subfield></mx:datafield><mx:datafield ind1="0" ind2=" " tag="400"><mx:subfield code="a">Hantwill, John,</mx:subfield><mx:subfield code="d">12th cent.</mx:subfield></mx:datafield><mx:datafield ind1=" " ind2=" " tag="670"><mx:subfield code="a">His The Architrenius of Johannes de Hauvilla, 1986:</mx:subfield><mx:subfield code="b">leaf 1 (variants: Johannes Nantvillensis; Hantvillensis; Annaevillanus; Johannes Hanvuil or Hanvuillensis; Hawyll or Hauillensis; Hautivillensis; John Hanvile; Jean de Hantwille; Hanvill; de Altavilla; Jean de Hantville; Hauteville; Annaevilla; John de Hauteville; Johannes de Alvilla; Johannes de Havvilla; of Auville beside Rouen; Hauville) leaf 2 (de Alvilla; Johannes de Hauvill; Johannes de Auvilla juxta Rothemagum; Johannes de Hauvila; Johannes de Hauvilla; Johannes Hauvillensis)</mx:subfield></mx:datafield><mx:datafield ind1=" " ind2=" " tag="670"><mx:subfield code="a">DNB</mx:subfield><mx:subfield code="b">(Hauteville, John de, fl. 1184; medieval Latin poet, has been described as an Englishman by birth but, according to his own statement in his Architrenius, was a Norman; name often given as Hautwill; proper form of name is Hauteville or Hauville (Alta Villa))</mx:subfield></mx:datafield><mx:datafield ind1=" " ind2=" " tag="670"><mx:subfield code="a">Bib. nat.</mx:subfield><mx:subfield code="b">(Jean  de Hauteville)</mx:subfield></mx:datafield><mx:datafield ind1=" " ind2=" " tag="670"><mx:subfield code="a">BM</mx:subfield><mx:subfield code="b">(Joannes, de Altavilla)</mx:subfield></mx:datafield><mx:datafield ind1=" " ind2=" " tag="670"><mx:subfield code="a">Larousse</mx:subfield><mx:subfield code="b">(Jean de Hanville, or Hauteville; Norman poet at the end of the 12th cent.)</mx:subfield></mx:datafield><mx:datafield ind1=" " ind2=" " tag="670"><mx:subfield code="a">Nouv. biog. fran.</mx:subfield><mx:subfield code="b">(Hauteville, Jean de; poet of the 12th cent.)</mx:subfield></mx:datafield><mx:datafield ind1=" " ind2=" " tag="670"><mx:subfield code="a">LC data base, 5/21/87</mx:subfield><mx:subfield code="b">(hdg.: Johannes de Hauvilla)</mx:subfield></mx:datafield><mx:datafield ind1=" " ind2=" " tag="999"><mx:subfield code="a">20</mx:subfield></mx:datafield></mx:record>